@article{laskov2004intrusion,
  title={Intrusion detection in unlabeled data with quarter-sphere support vector machines},
  author={Laskov, Pavel and Sch{\"a}fer, Christin and Kotenko, Igor and M{\"u}ller, K-R},
  journal={PIK-praxis der Informationsverarbeitung und Kommunikation},
  volume={27},
  number={4},
  pages={228--236},
  year={2004},
  publisher={De Gruyter}
}

@inproceedings{perdisci2006using,
  title={Using an ensemble of one-class svm classifiers to harden payload-based anomaly detection systems},
  author={Perdisci, Roberto and Gu, Guofei and Lee, Wenke},
  booktitle={Sixth International Conference on Data Mining (ICDM'06)},
  pages={488--498},
  year={2006},
  organization={IEEE}
}

@article{cortes1995support,
  title={Support-vector networks},
  author={Cortes, Corinna and Vapnik, Vladimir},
  journal={Machine learning},
  volume={20},
  number={3},
  pages={273--297},
  year={1995},
  publisher={Springer}
}

@article{scholkopf2001estimating,
  title={Estimating the support of a high-dimensional distribution},
  author={Sch{\"o}lkopf, Bernhard and Platt, John C and Shawe-Taylor, John and Smola, Alex J and Williamson, Robert C},
  journal={Neural computation},
  volume={13},
  number={7},
  pages={1443--1471},
  year={2001},
  publisher={MIT Press}
}

@inproceedings{tax1999data,
  title={Data domain description using support vectors.},
  author={Tax, David MJ and Duin, Robert PW},
  booktitle={ESANN},
  volume={99},
  pages={251--256},
  year={1999},
  organization={Citeseer}
}

@article{tax2004support,
  title={Support vector data description},
  author={Tax, David MJ and Duin, Robert PW},
  journal={Machine learning},
  volume={54},
  number={1},
  pages={45--66},
  year={2004},
  publisher={Springer}
}

@article{song2009unsupervised,
  title={Unsupervised anomaly detection based on clustering and multiple one-class SVM},
  author={Song, Jungsuk and Takakura, Hiroki and Okabe, Yasuo and Kwon, Yongjin},
  journal={IEICE transactions on communications},
  volume={92},
  number={6},
  pages={1981--1990},
  year={2009},
  publisher={The Institute of Electronics, Information and Communication Engineers}
}

@article{hao2008fuzzy,
  title={Fuzzy one-class support vector machines},
  author={Hao, Pei-Yi},
  journal={Fuzzy Sets and Systems},
  volume={159},
  number={18},
  pages={2317--2336},
  year={2008},
  publisher={Elsevier}
}

@article{sotiris2010anomaly,
  title={Anomaly detection through a bayesian support vector machine},
  author={Sotiris, Vasilis A and Peter, W Tse and Pecht, Michael G},
  journal={IEEE Transactions on Reliability},
  volume={59},
  number={2},
  pages={277--286},
  year={2010},
  publisher={IEEE}
}

@article{zhanchun2006anomaly,
  title={Anomaly detection system based on principal component analysis and support vector machine},
  author={Zhanchun, Li and Zhitang, Li and Bin, Liu},
  journal={WuHan University Journal of Natural Sciences},
  volume={11},
  number={6},
  pages={1769--1772},
  year={2006},
  publisher={Springer}
}

@inproceedings{karamizadeh2014advantage,
  title={Advantage and drawback of support vector machine functionality},
  author={Karamizadeh, Sasan and Abdullah, Shahidan M and Halimi, Mehran and Shayan, Jafar and javad Rajabi, Mohammad},
  booktitle={2014 international conference on computer, communications, and control technology (I4CT)},
  pages={63--65},
  year={2014},
  organization={IEEE}
}

@misc{internetArticle,
  author = {Dhiraj K},
  title = {{Top 4 advantages and disadvantages of Support Vector Machine or SVM}},
  howpublished = "\url{https://dhirajkumarblog.medium.com/top-4-advantages-and-disadvantages-of-support-vector-machine-or-svm-a3c06a2b107}",
  year = {2019}, 
  note = "[Online; accessed 13-Jun-2019]"
}