@article{chen2019robust,
  title={Robust computer vision chess analysis and interaction with a humanoid robot},
  author={Chen, Andrew Tzer-Yeu and Wang, Kevin I-Kai},
  journal={Computers},
  volume={8},
  number={1},
  pages={14},
  year={2019},
  publisher={Multidisciplinary Digital Publishing Institute}
}

@inproceedings{rath2019autonomous,
  title={Autonomous Chess Playing Robot},
  author={Rath, Prabin Kumar and Mahapatro, Neelam and Nath, Prasanmit and Dash, Ratnakar},
  booktitle={2019 28th IEEE International Conference on Robot and Human Interactive Communication (RO-MAN)},
  pages={1--6},
  year={2019},
  organization={IEEE}
}
