@phdthesis{Abramson1987,
 author = {Abramson, Bruce D.},
 title = {{The} {Expected-outcome} {Model} of {Two-player} {Games}},
 year = {1987},
 note = {AAI8827528},
 publisher = {Columbia University},
 address = {New York, NY, USA},
} 

@inproceedings{MaxPlanck1993MonteCG,
  title={{Monte Carlo Go}},
  author={Bernd Br{\"u}gmann},
  year={1993}
}

@article{Winands2010MonteCT,
  title={{Monte Carlo} {Tree} {Search} in {Lines} of {Action}},
  author={Mark H. M. Winands and Yngvi Bj{\"o}rnsson and Jahn-Takeshi Saito},
  journal={IEEE Transactions on Computational Intelligence and AI in Games},
  year={2010},
  volume={2},
  pages={239-250}
}

@inproceedings{Kocsis06banditbased,
    author = {Levente Kocsis and Csaba Szepesv√°ri},
    title = {{Bandit} based {Monte-Carlo Planning}},
    booktitle = {ECML-06. Number 4212 in LNCS},
    year = {2006},
    pages = {282--293},
    publisher = {Springer}
}

@inproceedings{Chaslot2008ProgressiveSF,
  title={{Progressive} {Strategies} for {Monte-Carlo} {Tree} {Search}},
  author={Guillaume Chaslot and Mark H. M. Winands and H. Jaap van den Herik and Jos W. H. M. Uiterwijk and Bruno Bouzy},
  year={2008}
}

@article{Coulom2007ComputingR,
  title={{Computing} {``Elo Ratings''} of {Move} {Patterns} in the {Game} of {Go}},
  author={R{\'e}mi Coulom},
  journal={ICGA Journal},
  year={2007},
  volume={30},
  pages={198-208}
}

@article{Teytaud2010OnTH,
  title={On the huge benefit of decisive moves in {Monte-Carlo} {Tree} {Search} algorithms},
  author={Fabien Teytaud and Olivier Teytaud},
  journal={Proceedings of the 2010 IEEE Conference on Computational Intelligence and Games},
  year={2010},
  pages={359-364}
}

@article{Wang2007ModificationsOU,
  title={Modifications of {UCT} and sequence-like simulations for {Monte-Carlo} {Go}},
  author={Yizao Wang and Sylvain Gelly},
  journal={2007 IEEE Symposium on Computational Intelligence and Games},
  year={2007},
  pages={175-182}
}

@inproceedings{Winands2009EvaluationFB,
  title={{Evaluation} {Function} {Based} {Monte-Carlo} {LOA}},
  author={Mark H. M. Winands and Yngvi Bj{\"o}rnsson},
  booktitle={ACG},
  year={2009}
}

@inproceedings{WinandsBS08,
  author    = {Mark H. M. Winands and Yngvi Bj{\"o}rnsson and Jahn-Takeshi Saito},
  title     = {{Monte-Carlo} {Tree} {Search} {Solver}},
  booktitle = CG08,
  year      = {2008},
  pages     = {25--36},
  bib2html_pubtype = {Refereed Conference},
  bib2html_rescat = {Search, Games}
}

@inproceedings{Bouzy2003MonteCarloGD,
  title={{Monte-Carlo} {Go} {Developments}},
  author={Bruno Bouzy and Bernard Helmstetter},
  booktitle={ACG},
  year={2003}
}

@article{Bouzy2005AssociatingDK,
  title={Associating domain-dependent knowledge and {Monte Carlo} approaches within a Go program},
  author={Bruno Bouzy},
  journal={Inf. Sci.},
  year={2005},
  volume={175},
  pages={247-257}
}

@inproceedings{Coulom2006EfficientSA,
  title={{Efficient} {Selectivity} and {Backup} {Operators} in {Monte-Carlo} {Tree} {Search}},
  author={R{\'e}mi Coulom},
  booktitle={Computers and Games},
  year={2006}
}

@article{Gelly2011MonteCarloTS,
  title={{Monte-Carlo} {Tree} {Search} and {Rapid} {Action} {Value} {Estimation} in {Computer} {Go}},
  author={Sylvain Gelly and David Silver},
  journal={Artif. Intell.},
  year={2011},
  volume={175},
  pages={1856-1875}
}

@article{Arneson2010MonteCT,
  title={{Monte Carlo Tree} {Search} in {Hex}},
  author={Broderick Arneson and Ryan B. Hayward and Philip Henderson},
  journal={IEEE Transactions on Computational Intelligence and AI in Games},
  year={2010},
  volume={2},
  pages={251-258}
}

@inproceedings{Cazenave2010MonteCarloH,
  title={{Monte-Carlo} {Hex}},
  author={Tristan Cazenave and Abdallah Saffidine},
  year={2010}
}

@inproceedings{Stankiewicz2011MonteCarloTS,
  title={{Monte-Carlo} {Tree} {Search} {Enhancements} for {Havannah}},
  author={Jan A. Stankiewicz and Mark H. M. Winands and Jos W. H. M. Uiterwijk},
  booktitle={ACG},
  year={2011}
}

@inproceedings{Kloetzer2007TheMA,
  title={The {Monte-Carlo} {Approach} in {Amazons}},
  author={Julien Kloetzer and Hiroyuki Iida and Bruno Bouzy},
  year={2007}
}

@article{Silver2017MasteringCA,
  title={{Mastering} {Chess} and {Shogi} by {Self-Play} with a {General} {Reinforcement} {Learning} {Algorithm}},
  author={David Silver and Thomas Hubert and Julian Schrittwieser and Ioannis Antonoglou and Matthew Lai and Arthur Guez and Marc Lanctot and Laurent Sifre and Dharshan Kumaran and Thore Graepel and Timothy P. Lillicrap and Karen Simonyan and Demis Hassabis},
  journal={ArXiv},
  year={2017},
  volume={abs/1712.01815}
}

@inproceedings{Duguproux2016PruningPI,
  title={{Pruning} {Playouts} in {Monte-Carlo} {Tree} {Search} for the {Game} of {Havannah}},
  author={Joris Dugu{\'e}p{\'e}roux and Ahmad Mazyad and Fabien Teytaud and Julien Dehos},
  booktitle={Computers and Games},
  year={2016}
}

@MastersThesis{Arenz,
    author = {Arenz, Oleg},
     title = {{Monte Carlo} {Chess}},
      year = {2012},
    school = {Knowledge Engineering Group, TU Darmstadt},
      note = {Bachelor's Thesis},
       url = {http://www.ke.informatik.tu-darmstadt.de/lehre/arbeiten/bachelor/2012/Arenz_Oleg.pdf}
}

@article{Sato2010ASP,
  title={A {Shogi} {Program} {Based} on {Monte-Carlo} {Tree} {Search}},
  author={Yoshikuni Sato and Daisuke Takahashi and Reijer Grimbergen},
  journal={ICGA Journal},
  year={2010},
  volume={33},
  pages={80-92}
}

@online{SiteInterview,
  title = {{\href{http://www.chessdom.com/komodo-mcts-monte-carlo-tree-search-is-the-new-star-of-tcec/}{Komodo MCTS (Monte Carlo Tree Search) is the new star of TCEC, http://www.chessdom.com/komodo-mcts-monte-carlo-tree-search-is-the-new-star-of-tcec/}}},
  url = {http://www.chessdom.com/komodo-mcts-monte-carlo-tree-search-is-the-new-star-of-tcec/},
  urldate = {2018-12-18}}