@article{salton1983extended,
title={Extended {Boolean} information retrieval},
author={Salton, Gerard and Fox, Edward A and Wu, Harry},
journal={Communications of the {ACM}},
volume={26},
number={11},
pages={1022--1036},
year={1983},
publisher={ACM New York, NY, USA}
}

@article{possas2005set,
  title={Set-based vector model: An efficient approach for correlation-based ranking},
  author={P{\^o}ssas, Bruno and Ziviani, Nivio and Meira Jr, Wagner and Ribeiro-Neto, Berthier},
  journal={ACM Transactions on Information Systems (TOIS)},
  volume={23},
  number={4},
  pages={397--429},
  year={2005},
  publisher={ACM New York, NY, USA}
}

@article{ogawa1991fuzzy,
  title={A fuzzy document retrieval system using the keyword connection matrix and a learning method},
  author={Ogawa, Yasushi and Morita, Tetsuya and Kobayashi, Kiyohiko},
  journal={Fuzzy sets and systems},
  volume={39},
  number={2},
  pages={163--179},
  year={1991},
  publisher={Elsevier}
}

@inproceedings{wong1985generalized,
  title={Generalized vector spaces model in information retrieval},
  author={Wong, SK Michael and Ziarko, Wojciech and Wong, Patrick CN},
  booktitle={Proceedings of the 8th annual international ACM SIGIR conference on Research and development in information retrieval},
  pages={18--25},
  year={1985}
}

@article{robertson1976relevance,
  title={Relevance weighting of search terms},
  author={Robertson, Stephen E and Jones, K Sparck},
  journal={Journal of the American Society for Information science},
  volume={27},
  number={3},
  pages={129--146},
  year={1976},
  publisher={Wiley Online Library}
}

@article{turtle1991evaluation,
  title={Evaluation of an inference network-based retrieval model},
  author={Turtle, Howard and Croft, W Bruce},
  journal={ACM Transactions on Information Systems (TOIS)},
  volume={9},
  number={3},
  pages={187--222},
  year={1991},
  publisher={ACM New York, NY, USA}
}
